
@inproceedings{nuruzzaman_survey_2018,
	title = {A {Survey} on {Chatbot} {Implementation} in {Customer} {Service} {Industry} through {Deep} {Neural} {Networks}},
	doi = {10.1109/ICEBE.2018.00019},
	urldate = {2023-11-13},
	booktitle = {2018 {IEEE} 15th {International} {Conference} on e-{Business} {Engineering} ({ICEBE})},
	author = {Nuruzzaman, Mohammad and Hussain, Omar Khadeer},
	month = oct,
	year = {2018},
	pages = {54--61},
}

@article{borah_survey_2019,
	title = {Survey of {Textbased} {Chatbot} in {Perspective} of {Recent} {Technologies}},
	volume = {1031},
	issn = {1865-0929},
	doi = {10.1007/978-981-13-8581-0_7},
	language = {English},
	journal = {Communications in Computer and Information Science},
	author = {Borah, B. and Pathak, D. and Sarmah, P. and Som, B. and Nandi, S.},
	year = {2019},
	note = {ISBN: 9789811385803},
	keywords = {Artificial intelligence, Chatbot framework, Intelligent chatbot, Machine learning, Natural language processing},
	pages = {84--96},
	annote = {Cited By :13},
}


@inproceedings{chizhik_challenges_2020,
	title = {Challenges of {Building} an {Intelligent} {Chatbot}},
	urldate = {2023-11-13},
	author = {Chizhik, A. and Zherebtsova, Yulia},
	year = {2020},
	annote = {[TLDR] The results of data-driven chatbot implementation are presented in order to better understand the challenges of building an intelligent agent capable of replying to users with coherent and engaging responses in conversation.},
}

@inproceedings{ayanouz_smart_2020,
	address = {New York, NY, USA},
	series = {{NISS2020}},
	title = {A {Smart} {Chatbot} {Architecture} based {NLP} and {Machine} {Learning} for {Health} {Care} {Assistance}},
	isbn = {978-1-4503-7634-1},
	doi = {10.1145/3386723.3387897},
	urldate = {2023-11-13},
	booktitle = {Proceedings of the 3rd {International} {Conference} on {Networking}, {Information} {Systems} \& {Security}},
	publisher = {Association for Computing Machinery},
	author = {Ayanouz, Soufyane and Abdelhakim, Boudhir Anouar and Benhmed, Mohammed},
	year = {2020},
	keywords = {artificial intelligence, Chatbots, conversational agents, modeling of conversations, natural language, neural machine translation},
	pages = {1--6},
}


@article{ngai_intelligent_2021,
	title = {An intelligent knowledge-based chatbot for customer service},
	volume = {50},
	issn = {1567-4223},
	doi = {10.1016/j.elerap.2021.101098},
	urldate = {2023-11-13},
	journal = {Electronic Commerce Research and Applications},
	author = {Ngai, Eric W. T. and Lee, Maggie C. M. and Luo, Mei and Chan, Patrick S. L. and Liang, Tenglu},
	month = nov,
	year = {2021},
	keywords = {Case analysis, Chatbot, Conversational agent, Knowledge-based system, System design},
	pages = {101098},
}

@misc{dilmegani_cem_how_nodate,
	title = {How to {Build} a {Chatbot}: {Components} \& {Architecture} in 2023},
	shorttitle = {How to {Build} a {Chatbot}},
	language = {en-US},
	urldate = {2023-11-13},
	author = {Dilmegani Cem},
}

@article{pereira_querying_2023,
	title = {Querying semantic catalogues of biomedical databases},
	volume = {137},
	issn = {1532-0464},
	doi = {10.1016/j.jbi.2022.104272},
	language = {English},
	journal = {Journal of Biomedical Informatics},
	author = {Pereira, A. and Almeida, J.R. and Lopes, R.P. and Oliveira, J.L.},
	year = {2023},
	keywords = {Biomedical data, Information extraction, Knowledge bases, Linked data, Natural language interfaces, Question answering, Semantic data},
	annote = {Cited By :2},
}


@incollection{p_m_efficient_2021,
	title = {An {Efficient} {Text}-{Based} {Image} {Retrieval} {Using} {Natural} {Language} {Processing} ({NLP}) {Techniques}},
	isbn = {9789811553998},
	author = {P M, Ashok Kumar and Rao, T. and Lakshminarayanan, Arun Raj and Pugazhendi, E.},
	month = jan,
	year = {2021},
	doi = {10.1007/978-981-15-5400-1_52},
	pages = {505--519},
}

@article{manning_introduction_2009,
	title = {Introduction to {Information} {Retrieval}},
	language = {en},
	author = {Manning, Christopher and Raghavan, Prabhakar and Schuetze, Hinrich},
	year = {2009},
}

@article{hambarde_information_2023,
	title = {Information {Retrieval}: {Recent} {Advances} and {Beyond}},
	volume = {11},
	issn = {2169-3536},
	shorttitle = {Information {Retrieval}},
	doi = {10.1109/ACCESS.2023.3295776},
	language = {en},
	urldate = {2023-12-06},
	journal = {IEEE Access},
	author = {Hambarde, Kailash A. and Proen√ßa, Hugo},
	year = {2023},
	pages = {76581--76604},
}

@article{zhong_building_2020,
	title = {A building regulation question answering system: {A} deep learning methodology},
	volume = {46},
	issn = {14740346},
	shorttitle = {A building regulation question answering system},
	doi = {10.1016/j.aei.2020.101195},
	language = {en},
	urldate = {2023-12-06},
	journal = {Advanced Engineering Informatics},
	author = {Zhong, Botao and He, Wanlei and Huang, Ziwei and Love, Peter E.D. and Tang, Junqing and Luo, Hanbin},
	month = oct,
	year = {2020},
	pages = {101195},
}

@article{hadi_LLM_2023,
    author = {Hadi, Muhammad Usman and Al-Tashi, Qasem and Qureshi, Rizwan and Shah, Abbas and Muneer, Amgad and Irfan, Muhammad and Zafar, Anas and Shaikh, Muhammad and Akhtar, Naveed and Wu, Jia and Mirjalili, Seyedali},
    year = {2023},
    month = {07},
    pages = {},
    title = {Large Language Models: A Comprehensive Survey of its Applications, Challenges, Limitations, and Future Prospects},
    doi = {10.36227/techrxiv.23589741}
}


@article{liu_prompting_nodate,
	title = {Prompting {Frameworks} for {Large} {Language} {Models}: {A} {Survey}},
	volume = {1},
	language = {en},
	number = {1},
	journal = {ACM Comput. Surv.},
	author = {Liu, Xiaoxia and Wang, Jingyi and Sun, Jun and Yuan, Xiaohan and Dong, Guoliang and Di, Peng and Wang, Wenhai and Wang, Dongxia},
}

@misc{naveed_comprehensive_2023,
	title = {A {Comprehensive} {Overview} of {Large} {Language} {Models}},
	urldate = {2023-12-15},
	publisher = {arXiv},
	author = {Naveed, Humza and Khan, Asad Ullah and Qiu, Shi and Saqib, Muhammad and Anwar, Saeed and Usman, Muhammad and Akhtar, Naveed and Barnes, Nick and Mian, Ajmal},
	month = nov,
	year = {2023},
	note = {arXiv:2307.06435 [cs]},
	keywords = {Computer Science - Computation and Language},
}

@misc{vaswani_attention_2023,
	title = {Attention {Is} {All} {You} {Need}},
	urldate = {2023-12-04},
	publisher = {arXiv},
	author = {Vaswani, Ashish and Shazeer, Noam and Parmar, Niki and Uszkoreit, Jakob and Jones, Llion and Gomez, Aidan N. and Kaiser, Lukasz and Polosukhin, Illia},
	month = aug,
	year = {2023},
	note = {arXiv:1706.03762 [cs]},
	keywords = {Computer Science - Computation and Language, Computer Science - Machine Learning},
}

@misc{noauthor_openai_nodate,
	title = {{OpenAI} {Platform}},
	url = {https://platform.openai.com},
	language = {en},
	urldate = {2023-12-15},
}